<?xml version='1.0' encoding='UTF-8'?>
<record xmlns="http://www.loc.gov/MARC21/slim">
  <leader>01429cam a2200349 a 4500</leader>
  <controlfield tag="001">863678</controlfield>
  <controlfield tag="003">NjP</controlfield>
  <controlfield tag="005">20170516152624.0</controlfield>
  <controlfield tag="008">940201s1902    ua            100 0 ara d</controlfield>
  <datafield tag="024" ind1="7" ind2=" ">
    <subfield code="a">princeton_aco002862</subfield>
    <subfield code="2">local</subfield>
  </datafield>
  <datafield ind1=" " ind2=" " tag="035">
    <subfield code="a">(OCoLC)29866004</subfield>
  </datafield>
  <datafield ind1=" " ind2=" " tag="035">
    <subfield code="a">(OCoLC)ocn176357902</subfield>
  </datafield>
  <datafield ind1=" " ind2=" " tag="035">
    <subfield code="a">(OCoLC)176357902</subfield>
  </datafield>
  <datafield ind1=" " ind2=" " tag="035">
    <subfield code="a">(CStRLIN)NJPG94-B5761</subfield>
  </datafield>
  <datafield ind1=" " ind2=" " tag="035">
    <subfield code="9">CAY7370TS</subfield>
  </datafield>
  <datafield ind1=" " ind2=" " tag="035">
    <subfield code="a">(NjP)863678</subfield>
  </datafield>
  <datafield ind1=" " ind2=" " tag="040">
    <subfield code="a">NjP</subfield>
    <subfield code="c">PUL</subfield>
    <subfield code="d">PUL</subfield>
  </datafield>
  <datafield ind1=" " ind2=" " tag="043">
    <subfield code="a">aw-----</subfield>
    <subfield code="a">f------</subfield>
  </datafield>
  <datafield ind1=" " ind2=" " tag="049">
    <subfield code="a">PULL</subfield>
  </datafield>
  <datafield ind1=" " ind2=" " tag="079">
    <subfield code="a">ocm29866004</subfield>
  </datafield>
  <datafield ind1="0" ind2="0" tag="245">
    <subfield code="6">880-01</subfield>
    <subfield code="a">Kalimah ʻan al-Muʼtamar al-thālith ʻashar min muʼtamarat ʻulamāʼ al-lughah al-sharqīyah al-munʻaqid bi-madīnat Hambūrj fī awāʼil shahr Sibtambir sanat 1902 /</subfield>
    <subfield code="c">Muṣṭafá Bayram.</subfield>
  </datafield>
  <datafield ind1=" " ind2=" " tag="260">
    <subfield code="6">880-02</subfield>
    <subfield code="a">al-Q⁻ahirah :</subfield>
    <subfield code="b">[s.n.],</subfield>
    <subfield code="c">1902</subfield>
  </datafield>
  <datafield ind1=" " ind2=" " tag="300">
    <subfield code="a">76 p. ;</subfield>
    <subfield code="c">24 cm.</subfield>
  </datafield>
  <datafield ind1=" " ind2="0" tag="650">
    <subfield code="a">Languages in contact</subfield>
    <subfield code="z">Middle East.</subfield>
  </datafield>
  <datafield ind1=" " ind2="0" tag="650">
    <subfield code="a">Languages in contact</subfield>
    <subfield code="z">Africa.</subfield>
  </datafield>
  <datafield ind1="1" ind2=" " tag="700">
    <subfield code="6">880-03</subfield>
    <subfield code="a">Bayram, Muṣṭafá.</subfield>
  </datafield>
  <datafield ind1="0" ind2="0" tag="880">
    <subfield code="6">245-01/r</subfield>
    <subfield code="a">كلمة عن المؤتمر الثالث عشر من مؤتمرة علماء اللغة الشرقية المنعقد بمدينة همبورج في اوائل شهر سبتمبر سنة 1902 /</subfield>
    <subfield code="c">مصطفى بيرم.</subfield>
  </datafield>
  <datafield ind1=" " ind2=" " tag="880">
    <subfield code="6">260-02/r</subfield>
    <subfield code="a">القاهرة :</subfield>
    <subfield code="b">[s.n.]،</subfield>
    <subfield code="c">1902</subfield>
  </datafield>
  <datafield ind1="1" ind2=" " tag="880">
    <subfield code="6">700-03/r</subfield>
    <subfield code="a">بيرم، مصطفى.</subfield>
  </datafield>
  <datafield ind1=" " ind2=" " tag="998">
    <subfield code="a">02/14/94</subfield>
    <subfield code="s">9114</subfield>
    <subfield code="n">NjP</subfield>
    <subfield code="w">NJPG94B5761</subfield>
    <subfield code="d">02/01/94</subfield>
    <subfield code="c">AAH</subfield>
    <subfield code="b">JAB</subfield>
    <subfield code="i">940214</subfield>
    <subfield code="l">NJPG</subfield>
  </datafield>
  <datafield ind1=" " ind2=" " tag="911">
    <subfield code="a">19940225</subfield>
  </datafield>
  <datafield ind1=" " ind2=" " tag="912">
    <subfield code="a">19940214000000.0</subfield>
  </datafield>
  <datafield ind1=" " ind2=" " tag="994">
    <subfield code="a">C0</subfield>
    <subfield code="b">PUL</subfield>
  </datafield>
  <datafield ind1=" " ind2=" " tag="999">
    <subfield code="a">863678</subfield>
  </datafield>
  <datafield ind1="0" ind2="0" tag="852">
    <subfield code="0">984915</subfield>
    <subfield code="b">rcppa</subfield>
    <subfield code="t">1</subfield>
    <subfield code="h">PK6018</subfield>
    <subfield code="i">.B387 1902</subfield>
    <subfield code="x">tr fr anxa</subfield>
  </datafield>
  <datafield ind1=" " ind2=" " tag="959">
    <subfield code="a">2000-06-13 00:00:00 -0500</subfield>
  </datafield>
</record>
